@comment{This file has been generated by Pybliographer}

@Misc{Tran,
  Author         = {Khai Van Tran},
  Title          = {Algorithmen f\"ur das {T}echnology-{M}apping},
  year           = {2015}
}

@Misc{Elbert,
  Author         = {Lucas Elbert},
  Title          = {Approximationsalgorithmen f\"ur das {T}echnology-{M}apping},
  year           = {2017}
}

@InProceedings{ComplexitySynthesis,
  Author         = {Keutzer and Richards},
  Title          = {Computational Complexity of Logic Synthesis and
                   Optimization},
  BookTitle      = {International Workshop on Logic Synthesis},
  year           = 1989
}

@InProceedings{DAGON,
  Author         = {K. Keutzer},
  Title          = {DAGON: Technology Binding and Local Optimization by
                   DAG Matching},
  BookTitle      = {24th ACM/IEEE Design Automation Conference},
  Pages          = {341-347},
  doi            = {10.1145/37888.37940},
  issn           = {0738-100X},
  keywords       = {Circuit synthesis;Computer languages;Libraries;Logic
                   programming;Optimal matching;Optimizing
                   compilers;Pattern matching;Permission;Program
                   processors;Tree graphs},
  month          = {June},
  year           = 1987
}

@Article{Post,
  Author         = {Emil Leon Post},
  Title          = {The Two-Valued Iterative Systems of Mathematical Logic},
  Journal        = {Annals of Mathematics},
  Volume         = {5},
  year           = 1941
}
